@misc{BixiPriceRange,
	author = {Thomas MacDonald},
	title = {{BIXI Prices Are Going Up This Year}},
	url = {https://www.mtlblog.com/montreal/bixi-prices-are-going-up-2023}
},
@misc{Renting,
	title = {{Can I take out more than one bike with my credit card?}},
	url = {https://support.bixi.com/hc/en-ca/articles/7114220188563-Can-I-take-out-more-than-one-bike-with-my-credit-card-}
},
@misc{PricingFAQ,
	title = {{BIXI Pricing FAQ}},
	url = {https://bixi.com/en/pricing-faq}
},
@misc{Unlock,
	title = {{Unlock Bixi using App}},
	url = {https://support.bixi.com/hc/en-ca/articles/8057704441747-How-can-I-unlock-a-bike-using-the-BIXI-app-}
},
@misc{UnlockCreditCard,
	title = {{Unlock Bixi with a credit card}},
	url = {https://support.bixi.com/hc/en-ca/articles/7112933338387-How-can-I-unlock-a-BIXI-bike-with-my-credit-card-}
},
@misc{Bikesharing,
        author =  {Anjali Awasthi},
	title = {{Bikesharing in Montreal}},
	url = {https://www.researchgate.net/figure/Bikesharing-BIXI-in-Montreal-see-online-version-for-colours_fig1_338679459}
},
@misc{MindMap,
	title = {{Mindmaps}},
	url = {https://drawio-app.com/examples/}
}


